@book{addison2016,
  author = {Addison, P. S.},
  title = {The Illustrated Wavelet Transform Handbook: Introductory Theory and Applications in Science, Engineering, Medicine and Finance},
  edition = {2nd},
  publisher = {CRC Press},
  year = {2016}
}

@article{bateman2019,
author = {Bateman, Lisa and Mendiratta, Anil and Liou, Jyun-you and Smith, Elliot and Bazil, Carl and Choi, Hyunmi and McKhann, Guy and Pack, Alison and Srinivasan, Shraddha and Schevon, Catherine},
year = {2018},
month = {12},
pages = {},
title = {Postictal clinical and electroencephalographic activity following intracranially recorded bilateral tonic–clonic seizures},
volume = {60},
journal = {Epilepsia},
doi = {10.1111/epi.14621}
}

@article{buzsaki2012,
author = {Buzsáki, Gyorgy and Anastassiou, Costas and Koch, Christof},
year = {2012},
month = {05},
pages = {407-20},
title = {The origin of extracellular fields and currents—EEG, ECoG, LFP and spikes},
volume = {13},
journal = {Nature reviews. Neuroscience},
doi = {10.1038/nrn3241}
}

@article{gadhoumi2016,
  author = {Gadhoumi, K. and Lina, J. M. and Mormann, F. and Gotman, J.},
  title = {Seizure Prediction for Therapeutic Devices: A Review},
  journal = {Journal of Neuroscience Methods},
  volume = {260},
  pages = {270-282},
  year = {2016},
  doi = {10.1016/j.jneumeth.2015.06.010}
}

@article{janson2020,
author = {Janson, Marnie and Bainbridge, Jacquelyn},
year = {2020},
month = {08},
pages = {106002802094805},
title = {Continuing Burden of Refractory Epilepsy},
volume = {55},
journal = {Annals of Pharmacotherapy},
doi = {10.1177/1060028020948056}
}

@article{fisher2014,
author = {Fisher, Robert and Scharfman, Helen and deCurtis, Marco},
year = {2014},
month = {07},
pages = {3-23},
title = {How Can We Identify Ictal and Interictal Abnormal Activity?},
volume = {813},
isbn = {978-94-017-8913-4},
journal = {Advances in experimental medicine and biology},
doi = {10.1007/978-94-017-8914-1_1}
}

@article{fisher2010,
author = {Fisher, Robert and Engel, Jerome},
year = {2010},
month = {10},
pages = {100-4},
title = {Definition of the postictal state: When does it start and end?},
volume = {19},
journal = {Epilepsy \& behavior : E\&B},
doi = {10.1016/j.yebeh.2010.06.038}
}

@article {kajikawa2022,
title = {UP-DOWN states and ripples differentially modulate membrane potential dynamics across DG, CA3, and CA1 in awake mice},
author = {Kajikawa, Koichiro and Hulse, Brad K and Siapas, Athanassios G and Lubenov, Evgueniy V},
volume = 11,
year = 2022,
month = {jul},
pages = {e69596},
journal = {eLife},
doi = {10.7554/eLife.69596}
}

@article{karoly2016,
author = {Karoly, Pip and Freestone, Dean and Boston, Raymond and Grayden, David and Himes, David and Leyde, Kent and Seneviratne, Udaya and Berkovic, Samuel and O’Brien, Terence and Cook, Mark},
year = {2016},
month = {02},
pages = {aww019},
title = {Interictal spikes and epileptic seizures: Their relationship and underlying rhythmicity},
volume = {139},
journal = {Brain},
doi = {10.1093/brain/aww019}
}

@misc{who2019,
  author = {{World Health Organization}},
  title = {Epilepsy: A Public Health Imperative},
  year = {2019},
  url = {https://www.who.int/publications/i/item/epilepsy-a-public-health-imperative},
}

@article{kajikawa2011,
title = {How Local Is the Local Field Potential?},
journal = {Neuron},
volume = {72},
number = {5},
pages = {847-858},
year = {2011},
doi = {10.1016/j.neuron.2011.09.029},
author = {Yoshinao Kajikawa and Charles E. Schroeder}
}

@inbook{einevoll2022,
author = {Einevoll, Gaute},
year = {2022},
month = {06},
pages = {1375-1380},
title = {Extracellular Potentials, Forward Modeling of},
isbn = {978-1-0716-1004-6},
doi = {10.1007/978-1-0716-1006-0_59}
}

@inbook{telenczuk2014,
author = {Tele{\'{n}}czuk, Bartosz and Destexhe, Alain},
year = {2014},
month = {06},
pages = {1865-1870},
title = {Local Field Potential, Relationship to Unit Activity},
publisher="Springer New York",
isbn = {978-1-0716-1004-6},
doi = {10.1007/978-1-0716-1006-0_543}
}

@article{moon2024,
title = "Electrocorticogram (ECoG): Engineering Approaches and Clinical Challenges for Translational Medicine",
author = "Hyunmin Moon and Jii Kwon and Jonghee Eun and Chung, {Chun Kee} and Kim, {June Sic} and Namsun Chou and Sohee Kim",
year = "2024",
month = jun,
day = "18",
doi = "10.1002/admt.202301692",
volume = "9",
journal = "Advanced Materials Technologies",
issn = "2365-709X",
publisher = "Wiley-Blackwell",
number = "12"
}

@article{
sinha2015,
author = {Manisha Sinha  and Rishikesh Narayanan },
title = {HCN channels enhance spike phase coherence and regulate the phase of spikes and LFPs in the theta-frequency range},
journal = {Proceedings of the National Academy of Sciences},
volume = {112},
number = {17},
pages = {E2207-E2216},
year = {2015},
doi = {10.1073/pnas.1419017112}
}

@article{mcafee2018,
author = {McAfee, Samuel and Liu, Yu and Dhamala, Mukesh and Heck, Detlef},
year = {2018},
month = {11},
title = {Thalamocortical Communication in the Awake Mouse Visual System Involves Phase Synchronization and Rhythmic Spike Synchrony at High Gamma Frequencies},
volume = {12},
journal = {Frontiers in Neuroscience},
doi = {10.3389/fnins.2018.00837}
}

@article{leski2011,
author = {{\L}\k{e}ski, Szymon and Lind{\'e}n, Henrik and Tetzlaff, Tom and Pettersen, Klas H. and Einevoll, Gaute T.},
year = {2011},
month = {07},
title = {Spatial reach of the local field potential is frequency dependent},
journal = {BMC Neuroscience},
doi = {10.1186/1471-2202-12-S1-P88}
}

@article{nolan2016,
author = {Nolan, Matthew F.},
title = {Local field potentials get funny},
journal = {The Journal of Physiology},
volume = {594},
number = {13},
pages = {3487-3488},
doi = {10.1113/JP272673},
url = {https://physoc.onlinelibrary.wiley.com/doi/abs/10.1113/JP272673},
eprint = {https://physoc.onlinelibrary.wiley.com/doi/pdf/10.1113/JP272673},
year = {2016}
}

@article{herreras2016,
  title={Local field potentials: myths and misunderstandings},
  author={Herreras, Oscar},
  journal={Frontiers in neural circuits},
  volume={10},
  pages={101},
  year={2016},
  doi={10.3389/fncir.2016.00101},
  publisher={Frontiers Media SA}
}

@article{molnar2023,
  title={Capturing the power of seizures: an empirical mode decomposition analysis of epileptic activity in the mouse hippocampus},
  author={Moln{\'a}r, L{\'a}szl{\'o} and Ferando, Isabella and Liu, Benjamin and Mokhtar, Parsa and Domokos, J{\'o}zsef and Mody, Istvan},
  journal={Frontiers in Molecular Neuroscience},
  volume={16},
  pages={1121479},
  year={2023},
  doi={10.3389/fnmol.2023.1121479},
  publisher={Frontiers Media SA}
}

@article{rolston2010,
  title={Spontaneous and evoked high-frequency oscillations in the tetanus toxin model of epilepsy},
  author={Rolston, John D and Laxpati, Nealen G and Gutekunst, Claire-Anne and Potter, Steve M and Gross, Robert E},
  journal={Epilepsia},
  volume={51},
  number={11},
  pages={2289--2296},
  year={2010},
  doi={10.1111/j.1528-1167.2010.02753.x},
  publisher={Wiley Online Library}
}

@article{satzer2023,
  title={Ambulatory local field potential recordings from the thalamus in epilepsy: a feasibility study},
  author={Satzer, David and Wu, Shasha and Henry, Julia and Doll, Emily and Issa, Naoum P and Warnke, Peter C},
  journal={Stereotactic and functional neurosurgery},
  volume={101},
  number={3},
  pages={195--206},
  year={2023},
  doi={0.1159/000529961},
  publisher={S. Karger AG}
}

@article{brenet2019,
  title={Defective excitatory/inhibitory synaptic balance and increased neuron apoptosis in a zebrafish model of dravet syndrome},
  author={Brenet, Alexandre and Hassan-Abdi, Rahma and Somkhit, Julie and Yanicostas, Constantin and Soussi-Yanicostas, Nadia},
  journal={Cells},
  volume={8},
  number={10},
  pages={1199},
  year={2019},
  publisher={MDPI},
  doi={10.3390/cells8101199}
}

@article{cozzolino2020,
  title={Evolution of epileptiform activity in zebrafish by statistical-based integration of electrophysiology and 2-photon ca2+ imaging},
  author={Cozzolino, Olga and Sicca, Federico and Paoli, Emanuele and Trovato, Francesco and Santorelli, Filippo M and Ratto, Gian Michele and Marchese, Maria},
  journal={Cells},
  volume={9},
  number={3},
  pages={769},
  year={2020},
  doi={10.3390/cells9030769},
  publisher={MDPI}
}

@inproceedings{aghagolzadeh2016,
  title={Predicting seizures from local field potentials recorded via intracortical microelectrode arrays},
  author={Aghagolzadeh, Mehdi and Hochberg, Leigh R and Cash, Sydney S and Truccolo, Wilson},
  booktitle={2016 38th Annual International Conference of the IEEE Engineering in Medicine and Biology Society (EMBC)},
  pages={6353--6356},
  year={2016},
  doi={10.1109/EMBC.2016.7592181},
  organization={IEEE}
}

@article{budde2022,
  title={Seizure prediction in genetic rat models of absence epilepsy: improved performance through multiple-site cortico-thalamic recordings combined with machine learning},
  author={Budde, Bj{\"o}rn and Maksimenko, Vladimir and Sarink, Kelvin and Seidenbecher, Thomas and van Luijtelaar, Gilles and Hahn, Tim and Pape, Hans-Christian and L{\"u}ttjohann, Annika},
  journal={Eneuro},
  volume={9},
  number={1},
  year={2022},
  doi={10.1523/ENEURO.0160-21.2021},
  publisher={Society for Neuroscience}
}

@article{rubio2024,
  title={Classification of current experimental models of epilepsy},
  author={Rubio, Carmen and Romo-Parra, H{\'e}ctor and L{\'o}pez-Landa, Alejandro and Rubio-Osornio, Mois{\'e}s},
  journal={Brain Sciences},
  volume={14},
  number={10},
  pages={1024},
  year={2024},
  publisher={MDPI},
  doi={10.3390/brainsci14101024}
}

@article{reddy2013,
  title={Experimental models of status epilepticus and neuronal injury for evaluation of therapeutic interventions},
  author={Reddy, Doodipala Samba and Kuruba, Ramkumar},
  journal={International journal of molecular sciences},
  volume={14},
  number={9},
  pages={18284--18318},
  year={2013},
  publisher={MDPI},
  doi={10.3390/ijms140918284}
}

@article{reddy2024,
  title={Kindling Models of Epileptogenesis for Developing Disease-Modifying Drugs for Epilepsy},
  author={Reddy, Doodipala Samba and Vadassery, Abhinav and Ramakrishnan, Sreevidhya and Singh, Tanveer and Clossen, Bryan and Wu, Xin},
  journal={Current Protocols},
  volume={4},
  number={10},
  pages={e70020},
  year={2024},
  publisher={Wiley Online Library},
  doi={10.1002/cpz1.70020}
}

@article{lasztoczi2004,
  title={High-frequency synaptic input contributes to seizure initiation in the low-[Mg2+] model of epilepsy},
  author={Laszt{\'o}czi, B{\'a}lint and Antal, K{\'a}roly and Nyikos, Lajos and Emri, Zsuzsa and Kardos, Julianna},
  journal={European Journal of Neuroscience},
  volume={19},
  number={5},
  pages={1361--1372},
  year={2004},
  publisher={Wiley Online Library},
  doi={10.1111/j.1460-9568.2004.03231.x}
}

@article{zalay2010,
  title={System characterization of neuronal excitability in the hippocampus and its relevance to observed dynamics of spontaneous seizure-like transitions},
  author={Zalay, Osbert C and Serletis, Demitre and Carlen, Peter L and Bardakjian, Berj L},
  journal={Journal of neural engineering},
  volume={7},
  number={3},
  pages={036002},
  year={2010},
  publisher={IOP Publishing},
  doi={10.1088/1741-2560/7/3/036002}
}

@article{yu2017,
  title={Increased GABA (a) receptors $\alpha$1, $\gamma$2, $\delta$ subunits might be associated with the activation of the CREB gene in low Mg2+ model of epilepsy},
  author={Yu, Jinpeng and Liu, L and Wang, Likun and Wu, Guofeng and Wu, Mali},
  journal={Neuropsychiatry},
  volume={7},
  pages={398--405},
  year={2017},
  doi={10.4172/Neuropsychiatry.1000228}
}

@article{zapukhliak2021,
  title={Mecamylamine modulates epileptiform discharges in low-Mg2+ model of epilepsy},
  author={Zapukhliak, OS and Isaev, DS},
  journal={Physiological Journal/Fiziologichnyi Zhurnal},
  volume={67},
  number={1},
  year={2021},
  doi={10.15407/fz67.01.011}
}

@inproceedings{xiaorui2023,
  title={Inhibiting acid-sensing ion channel exerts neuroprotective effects in experimental epilepsy via suppressing ferroptosis},
  author={Xiaorui, S and Liu, R and Wang, Y and Yu, T and Zhang, K and Wang, Q and Zhu, F},
  booktitle={EPILEPSIA},
  volume={64},
  pages={273--273},
  year={2023},
  organization={WILEY 111 RIVER ST, HOBOKEN 07030-5774, NJ USA},
  doi={10.1111/cns.14596}
}

@article{bengio2013,
  title={Representation learning: A review and new perspectives},
  author={Bengio, Yoshua and Courville, Aaron and Vincent, Pascal},
  journal={IEEE transactions on pattern analysis and machine intelligence},
  volume={35},
  number={8},
  pages={1798--1828},
  year={2013},
  publisher={IEEE},
  doi={10.1109/TPAMI.2013.50}
}

@article{lecun2015,
  title={Deep learning},
  author={LeCun, Yann and Bengio, Yoshua and Hinton, Geoffrey},
  journal={nature},
  volume={521},
  number={7553},
  pages={436--444},
  year={2015},
  publisher={Nature Publishing Group UK London},
  doi={10.1038/nature14539}
}

@inproceedings{yang2016,
  title={Joint unsupervised learning of deep representations and image clusters},
  author={Yang, Jianwei and Parikh, Devi and Batra, Dhruv},
  booktitle={Proceedings of the IEEE conference on computer vision and pattern recognition},
  pages={5147--5156},
  year={2016},
  doi={110.1109/CVPR.2016.556}
}

@inproceedings{perozzi2014,
  title={Inducing language networks from continuous space word representations},
  author={Perozzi, Bryan and Al-Rfou’, Rami and Kulkarni, Vivek and Skiena, Steven},
  booktitle={Complex Networks V: Proceedings of the 5th Workshop on Complex Networks CompleNet 2014},
  pages={261--273},
  year={2014},
  organization={Springer},
  doi={10.1007/978-3-319-05401-8_25}
}

@article{bengio2013,
  title={Representation learning: A review and new perspectives},
  author={Bengio, Yoshua and Courville, Aaron and Vincent, Pascal},
  journal={IEEE transactions on pattern analysis and machine intelligence},
  volume={35},
  number={8},
  pages={1798--1828},
  year={2013},
  publisher={IEEE},
  doi={10.1109/TPAMI.2013.50}
}

@article{bruns2004,
  title={Fourier-, Hilbert-and wavelet-based signal analysis: are they really different approaches?},
  author={Bruns, Andreas},
  journal={Journal of neuroscience methods},
  volume={137},
  number={2},
  pages={321--332},
  year={2004},
  publisher={Elsevier},
  doi={10.1016/j.jneumeth.2004.03.002}
}

@book{cohen2014,
  title={Analyzing neural time series data: theory and practice},
  author={Cohen, MX},
  year={2014},
  publisher={The MIT Press},
  doi={10.7551/mitpress/9609.001.0001}
}

@article{cohen2019,
  title={A better way to define and describe Morlet wavelets for time-frequency analysis},
  author={Cohen, Michael X},
  journal={NeuroImage},
  volume={199},
  pages={81--86},
  year={2019},
  publisher={Elsevier},
  doi={10.1016/j.neuroimage.2019.05.048}
}

@article{daubechies1992,
  title={Ten lectures on wavelets},
  author={Daubechies, Ingrid},
  journal={Society for industrial and applied mathematics},
  year={1992},
  doi={10.1137/1.9781611970104}
}

@article{barlaam2018,
  title={Mu-oscillation changes related to the development of anticipatory postural control in children and adolescents},
  author={Barlaam, Fanny and Fortin, Carole and Vaugoyeau, Marianne and Schmitz, Christina and Assaiante, Christine},
  journal={Journal of Neurophysiology},
  volume={120},
  number={1},
  pages={129--138},
  year={2018},
  publisher={American Physiological Society Bethesda, MD},
  doi={10.1152/jn.00637.2017}
}

@article{perdomo2019,
  title={Development of an EEG signal analysis application through a convolution of a complex Morlet wavelet: preliminary results},
  author={Perdomo, Jos{\'e} Humberto Trueba and Aguilar, Ignacio Herrera and Gasparini, Francesca},
  journal={ReCIBE. Revista electr{\'o}nica de Computaci{\'o}n, Inform{\'a}tica, Biom{\'e}dica y Electr{\'o}nica},
  volume={8},
  number={2},
  year={2019},
  publisher={Universidad de Guadalajara},
  doi={recibe.v8i2.120}
}

@article{aruldass2022,
  title={Identifying complex emotions in alexithymia affected adolescents using machine learning techniques},
  author={ArulDass, Stephen Dass and Jayagopal, Prabhu},
  journal={Diagnostics},
  volume={12},
  number={12},
  pages={3188},
  year={2022},
  publisher={MDPI},
  doi={10.3390/diagnostics12123188}
}

@article{zhang2022,
  title={An adaptive graph morlet wavelet transform for railway wayside acoustic detection},
  author={Zhang, Dingcheng and Xie, Min and Hamadache, Moussa and Entezami, Mani and Stewart, Edward},
  journal={Journal of Sound and Vibration},
  volume={529},
  pages={116965},
  year={2022},
  publisher={Elsevier},
  doi={10.1016/j.jsv.2022.116965}
}

@article{lopour2013,
  title={Coding of information in the phase of local field potentials within human medial temporal lobe},
  author={Lopour, Beth A and Tavassoli, Abtine and Fried, Itzhak and Ringach, Dario L},
  journal={Neuron},
  volume={79},
  number={3},
  pages={594--606},
  year={2013},
  publisher={Elsevier},
  doi={10.1016/j.neuron.2013.06.001}
}

@book{box2008,
  title={Time series analysis: forecasting and control},
  author={Box, George EP and Jenkins, Gwilym M and Reinsel, Gregory C},
  year={2008},
  publisher={John Wiley \& Sons},
  edition={Third},
  doi={10.1002/9781118619193}
}

@article{regis2022,
  title={Random autoregressive models: A structured overview},
  author={Regis, Marta and Serra, Paulo and van den Heuvel, Edwin R},
  journal={Econometric Reviews},
  volume={41},
  number={2},
  pages={207--230},
  year={2022},
  publisher={Taylor \& Francis},
  doi={10.1080/07474938.2021.1899504}
}

@article{agbenyega2022,
  title={Modelling Customs Revenue in Ghana Using Novel Time Series Methods},
  author={Agbenyega, Diana Ayorkor and Andoh, John and Iddi, Samuel and Asiedu, Louis},
  journal={Applied Computational Intelligence and Soft Computing},
  volume={2022},
  number={1},
  pages={2111587},
  year={2022},
  publisher={Wiley Online Library},
  doi={10.1155/2022/2111587}
}

@article{natsiopoulos2022,
  title={ARDL bounds test for cointegration: Replicating the Pesaran et al.(2001) results for the UK earnings equation using R},
  author={Natsiopoulos, Kleanthis and Tzeremes, Nickolaos G},
  journal={Journal of Applied Econometrics},
  volume={37},
  number={5},
  pages={1079--1090},
  year={2022},
  publisher={Wiley Online Library},
  doi={10.1002/jae.2919}
}

@inproceedings{giannakopoulos2008,
  title={Testing the Use of N-gram Graphs in Summarization Sub-tasks.},
  author={Giannakopoulos, George and Karkaletsis, Vangelis and Vouros, George A},
  booktitle={TAC},
  year={2008},
  organization={Citeseer},
}

@inproceedings{tsekouras2017,
  title={A Graph-based Text Similarity Measure That Employs Named Entity Information.},
  author={Tsekouras, Leonidas and Varlamis, Iraklis and Giannakopoulos, George},
  booktitle={RANLP},
  pages={765--771},
  year={2017},
  doi={10.26615/978-954-452-049-6_098}
}

@inproceedings{kazantzidis2017,
  title={Splice Site Prediction: Transferring Knowledge Across Organisms},
  author={Kazantzidis, Simos and Krithara, Anastasia and Paliouras, George},
  booktitle={International Conference on Bioinformatics Models, Methods and Algorithms},
  volume={4},
  pages={160--167},
  year={2017},
  organization={SCITEPRESS},
  doi={10.5220/0006164401600167}
}

@inproceedings{polychronopoulos2014,
  title={Analysis and classification of constrained DNA elements with n-gram graphs and genomic signatures},
  author={Polychronopoulos, Dimitris and Krithara, Anastasia and Nikolaou, Christoforos and Paliouras, Giorgos and Almirantis, Yannis and Giannakopoulos, George},
  booktitle={Algorithms for Computational Biology: First International Conference, AlCoB 2014, Tarragona, Spain, July 1-3, 2014, Proceedigns 1},
  pages={220--234},
  year={2014},
  organization={Springer},
  doi={10.1007/978-3-319-07953-0_18}
}

@article{giannakopoulos2008summarization,
  title={Summarization system evaluation revisited: N-gram graphs},
  author={Giannakopoulos, George and Karkaletsis, Vangelis and Vouros, George and Stamatopoulos, Panagiotis},
  journal={ACM Transactions on Speech and Language Processing (TSLP)},
  volume={5},
  number={3},
  pages={1--39},
  year={2008},
  publisher={ACM New York, NY, USA},
  doi={10.1145/1410358.1410359}
}

@article{gialitsis2023,
  title={Indexing N-Gram Graphs with Metric Access Methods},
  author={Gialitsis, Nikolaos},
  journal={E$\pi$$\iota$$\lambda$E$\gamma$$\mu$E$\nu$E$\varsigma$ $\pi$$\tau$$\upsilon$$\chi$$\iota$$\alpha$$\kappa$E$\varsigma$ $\kappa$$\alpha$$\iota$ $\Delta$$\iota$$\pi$$\lambda$$\omega$$\mu$$\alpha$$\tau$$\iota$$\kappa$E$\varsigma$ E$\rho$$\gamma$$\alpha$$\varsigma$$\iota$E$\varsigma$},
  pages={93},
  year={2023},
}

@article{ukkonen1992,
  title={Approximate string-matching with q-grams and maximal matches},
  author={Ukkonen, Esko},
  journal={Theoretical computer science},
  volume={92},
  number={1},
  pages={191--211},
  year={1992},
  publisher={Elsevier},
  doi={10.1016/0304-3975(92)90143-4}
}

@article{papadakis2016,
  title={Graph vs. bag representation models for the topic classification of web documents},
  author={Papadakis, George and Giannakopoulos, George and Paliouras, Georgios},
  journal={World Wide Web},
  volume={19},
  pages={887--920},
  year={2016},
  publisher={Springer},
  doi={10.1007/s11280-015-0365-x}
}

@article{gavagsaz2022,
  title={Efficient parallel processing of k-nearest neighbor queries by using a centroid-based and hierarchical clustering algorithm},
  author={Gavagsaz, Elaheh},
  journal={Artificial Intelligence Advances},
  volume={4},
  number={1},
  pages={26--41},
  year={2022},
  doi={10.30564/aia.v4i1.4668}
}

@article{sinulingga2023,
  title={Application of Data Mining with K-Nearest Neighbors Algorithm for Shallot Price Prediction},
  author={Sinulingga, Yuana Inka Dewi Br and Avianto, Donny},
  journal={Journal of Computer Science and Technology Studies},
  volume={5},
  number={4},
  pages={41--50},
  year={2023},
  doi={10.32996/jcsts.2023.5.4.5}
}

@book{leskovec2020,
  title={Mining of massive data sets},
  author={Leskovec, Jure and Rajaraman, Anand and Ullman, Jeffrey David},
  year={2020},
  publisher={Cambridge university press},
  edition="Third",
  doi={10.1017/9781108684163}
}

@article{romli2021,
  title={Sentiment analysis about large-scale social restrictions in social media twitter using algoritm K-nearest neighbor},
  author={Romli, Ikhsan and Prameswari, Shanti and Kamalia, Antika Zahrotul},
  journal={Jurnal Online Informatika},
  volume={6},
  number={1},
  pages={96--102},
  year={2021},
  doi={10.15575/join.v6i1.670}
}

@article{ding2017,
  title={A framework for distributed nearest neighbor classification using Hadoop},
  author={Ding, Qin and Boykin, Robert},
  journal={Journal of Computational Methods in Sciences and Engineering},
  volume={17},
  number={S1},
  pages={S11--S19},
  year={2017},
  publisher={IOS Press},
  doi={10.3233/JCM-160676}
}

@article{triguero2019,
  title={Transforming big data into smart data: An insight on the use of the k-nearest neighbors algorithm to obtain quality data},
  author={Triguero, Isaac and Garc{\'\i}a-Gil, Diego and Maillo, Jes{\'u}s and Luengo, Juli{\'a}n and Garc{\'\i}a, Salvador and Herrera, Francisco},
  journal={Wiley Interdisciplinary Reviews: Data Mining and Knowledge Discovery},
  volume={9},
  number={2},
  pages={e1289},
  year={2019},
  publisher={Wiley Online Library},
  doi={10.1002/widm.1289}
}

@article{singh2020,
  title={Multiclass classification of EEG signal for epilepsy detection using DWT based SVD and fuzzy kNN classifier},
  author={Singh, Nalini and Dehuri, Satchidananda},
  journal={Intelligent Decision Technologies},
  volume={14},
  number={2},
  pages={239--252},
  year={2020},
  publisher={IOS Press},
  doi={10.3233/IDT-190043}
}

@article{mardini2020,
  title={Enhanced detection of epileptic seizure using EEG signals in combination with machine learning classifiers},
  author={Mardini, Wail and Yassein, Muneer Masadeh Bani and Al-Rawashdeh, Rana and Aljawarneh, Shadi and Khamayseh, Yaser and Meqdadi, Omar},
  journal={IEEE Access},
  volume={8},
  pages={24046--24055},
  year={2020},
  publisher={IEEE},
  doi={10.1109/ACCESS.2020.2970012}
}

@article{sharmila2016,
  title={DWT based detection of epileptic seizure from EEG signals using naive Bayes and k-NN classifiers},
  author={Sharmila, Aꎬ and Geethanjali, PJIA},
  journal={Ieee Access},
  volume={4},
  pages={7716--7727},
  year={2016},
  publisher={IEEE},
  doi={10.1109/ACCESS.2016.2585661}
}

@article{gajic2014,
  title={Classification of EEG signals for detection of epileptic seizures based on wavelets and statistical pattern recognition},
  author={Gajic, Dragoljub and Djurovic, Zeljko and Di Gennaro, Stefano and Gustafsson, Fredrik},
  journal={Biomedical Engineering: Applications, Basis and Communications},
  volume={26},
  number={02},
  pages={1450021},
  year={2014},
  publisher={World Scientific},
  doi={https://doi.org/10.4015/S1016237214500215}
}

@article{golfidis2023,
  title={Machine Learning Algorithms for Mouse LFP Data Classification in Epilepsy},
  author={Golfidis, Antonis and Papadaki, Eirini and Skoaliora, Irini and Vinos, Michael and Vassilopoulos, Nikos and Cutsuridis, Vassilis},
  year={2023},
  publisher={University of Lincoln},
  doi={10.5220/0011625600003414}
}

@article{drenckhahn2012,
  title={Correlates of spreading depolarization in human scalp electroencephalography},
  author={Drenckhahn, Christoph and Winkler, Maren KL and Major, Sebastian and Scheel, Michael and Kang, Eun-Jeung and Pinczolits, Alexandra and Grozea, Cristian and Hartings, Jed A and Woitzik, Johannes and Dreier, Jens P},
  journal={Brain},
  volume={135},
  number={3},
  pages={853--868},
  year={2012},
  publisher={Oxford University Press},
  doi={10.1093/brain/aws010}
}

@article{aiba2012,
  title={Sustained NMDA receptor activation by spreading depolarizations can initiate excitotoxic injury in metabolically compromised neurons},
  author={Aiba, Isamu and Shuttleworth, C William},
  journal={The Journal of physiology},
  volume={590},
  number={22},
  pages={5877--5893},
  year={2012},
  publisher={Wiley Online Library},
  doi={10.1113/jphysiol.2012.234476}
}

@article{herreras2020,
  title={Mechanisms of the negative potential associated with Leao’s spreading depolarization: A history of brain electrogenesis},
  author={Herreras, Oscar and Makarova, Julia},
  journal={Journal of Cerebral Blood Flow \& Metabolism},
  volume={40},
  number={10},
  pages={1934--1952},
  year={2020},
  publisher={Sage Publications Sage UK: London, England},
  doi={10.1177/0271678X209359}
}

@article{lu2021,
  title={New insights and methods for recording and imaging spontaneous spreading depolarizations and seizure-like events in mouse hippocampal slices},
  author={Lu, Yi-Ling and Scharfman, Helen E},
  journal={Frontiers in Cellular Neuroscience},
  volume={15},
  pages={761423},
  year={2021},
  publisher={Frontiers Media SA},
  doi={10.3389/fncel.2021.761423}
}

@article{vasilopoulos2023,
  title={The role of selective SATB1 deletion in somatostatin expressing interneurons on endogenous network activity and the transition to epilepsy},
  author={Vasilopoulos, Nikos and Kaplanian, Ani and Vinos, Michael and Katsaiti, Yolanda and Christodoulou, Ourania and Denaxa, Myrto and Skaliora, Irini},
  journal={Journal of Neuroscience Research},
  volume={101},
  number={4},
  pages={424--447},
  year={2023},
  publisher={Wiley Online Library},
  doi={10.1002/jnr.25156}
}

@article{kaplanian2022,
  title={GABAB-and GABAA-receptor-mediated regulation of Up and Down states across development},
  author={Kaplanian, Ani and Vinos, Michael and Skaliora, Irini},
  journal={The Journal of Physiology},
  volume={600},
  number={10},
  pages={2401--2427},
  year={2022},
  publisher={Wiley Online Library},
  doi={10.1113/JP282736}
}

@article{tsakanikas2017,
  title={High-Throughput Analysis of in-vitro LFP Electrophysiological Signals: A validated workflow/software package},
  author={Tsakanikas, P and Sigalas, C and Rigas, P and Skaliora, I},
  journal={Scientific reports},
  volume={7},
  number={1},
  pages={3055},
  year={2017},
  publisher={Nature Publishing Group UK London},
  doi={10.1038/s41598-017-03269-9}
}

@article{scikit-learn,
  title={Scikit-learn: Machine Learning in Python},
  author={Pedregosa, Fabian and Varoquaux, Ga{\"e}l and Gramfort, Alexandre and Michel, Vincent and Thirion, Bertrand and Grisel, Olivier and Blondel, Mathieu and Prettenhofer, Peter and Weiss, Ron and Dubourg, Vincent and Vanderplas, Jake and Passos, Alexandre and Cournapeau, David and Brucher, Matthieu and Perrot, Matthieu and Duchesnay, {\'E}douard},
  journal={Journal of Machine Learning Research},
  volume={12},
  pages={2825--2830},
  year={2011},
  publisher={JMLR.org}
}

@book{shea2018,
  title={Representation in cognitive science},
  author={Shea, Nicholas},
  year={2018},
  publisher={Oxford University Press},
  doi={10.1093/oso/9780198812883.001.0001}
}

@article{sokolova2009,
  title={A systematic analysis of performance measures for classification tasks},
  author={Sokolova, Marina and Lapalme, Guy},
  journal={Information processing \& management},
  volume={45},
  number={4},
  pages={427--437},
  year={2009},
  publisher={Elsevier},
  doi={10.1016/j.ipm.2009.03.002}
}

@article{friedman1937,
  title={The use of ranks to avoid the assumption of normality implicit in the analysis of variance},
  author={Friedman, Milton},
  journal={Journal of the american statistical association},
  volume={32},
  number={200},
  pages={675--701},
  year={1937},
  publisher={Taylor \& Francis},
  doi={10.1080/01621459.1937.10503522}
}

@incollection{wilcoxon1992,
  title={Individual comparisons by ranking methods},
  author={Wilcoxon, Frank},
  booktitle={Breakthroughs in statistics: Methodology and distribution},
  pages={196--202},
  year={1992},
  publisher={Springer},
  doi={10.1007/978-1-4612-4380-9_16}
}

@article{sanchez2017,
  title={Shaping the default activity pattern of the cortical network},
  author={Sanchez-Vives, Maria V and Massimini, Marcello and Mattia, Maurizio},
  journal={Neuron},
  volume={94},
  number={5},
  pages={993--1001},
  year={2017},
  publisher={Elsevier},
  doi={10.1016/j.neuron.2017.05.015}
}

@article{jercog2017,
  title={UP-DOWN cortical dynamics reflect state transitions in a bistable network},
  author={Jercog, Daniel and Roxin, Alex and Bartho, Peter and Luczak, Artur and Compte, Albert and De La Rocha, Jaime},
  journal={Elife},
  volume={6},
  pages={e22425},
  year={2017},
  publisher={eLife Sciences Publications, Ltd},
  doi={10.7554/eLife.22425}
}

@article{reig2010,
  title={Temperature modulation of slow and fast cortical rhythms},
  author={Reig, Ramon and Mattia, Maurizio and Compte, Albert and Belmonte, Carlos and Sanchez-Vives, Maria V},
  journal={Journal of neurophysiology},
  volume={103},
  number={3},
  pages={1253--1261},
  year={2010},
  publisher={American Physiological Society Bethesda, MD},
  doi={10.1152/jn.00890.2009}
}

@article{maturana2020,
  title={Critical slowing down as a biomarker for seizure susceptibility},
  author={Maturana, Matias I and Meisel, Christian and Dell, Katrina and Karoly, Philippa J and D’Souza, Wendyl and Grayden, David B and Burkitt, Anthony N and Jiruska, Premysl and Kudlacek, Jan and Hlinka, Jaroslav and others},
  journal={Nature communications},
  volume={11},
  number={1},
  pages={2172},
  year={2020},
  publisher={Nature Publishing Group UK London},
  doi={10.1038/s41467-020-15908-3}
}

@article{sheybani2023,
  title={Wake slow waves in focal human epilepsy impact network activity and cognition},
  author={Sheybani, Laurent and Vivekananda, Umesh and Rodionov, Roman and Diehl, Beate and Chowdhury, Fahmida A and McEvoy, Andrew W and Miserocchi, Anna and Bisby, James A and Bush, Daniel and Burgess, Neil and others},
  journal={Nature Communications},
  volume={14},
  number={1},
  pages={7397},
  year={2023},
  publisher={Nature Publishing Group UK London},
  doi={10.1038/s41467-023-42971-3}
}

@article{falco2018,
  title={The new definition and classification of seizures and epilepsy},
  author={Falco-Walter, Jessica J and Scheffer, Ingrid E and Fisher, Robert S},
  journal={Epilepsy research},
  volume={139},
  pages={73--79},
  year={2018},
  publisher={Elsevier}
}

@article{aiba2025,
  title={Spreading Depolarization and Seizures: End of the Beginning, or Beginning of the End?},
  author={Aiba, Isamu and Noebels, Jeffrey L},
  journal={Epilepsy Currents},
  pages={15357597251328827},
  year={2025},
  publisher={SAGE Publications Sage CA: Los Angeles, CA}
}